@article{zip,
	author = "George K. Francis and Jeffrey R. Weeks",
	title = "Conway's ZIP Proof",
	year = "1999",
	journal = "Amer. Math. Monthly 106",
	keywords = "bib",	
}

@book{xu,
	author = "Jean Gallier and Diana Xu",
	title = "A Guide to the Classification Theorem for Compact Surfaces",
	publisher = "Springer-Verlag",
	year = "2013",
	keywords = "bib",
}

@book{lee1,
	author = "John M. Lee",
	title = "Introduction to Topological Manifolds",
	publisher = "Springer - Verlag",
	year = "2011",
	keywords = "bib",
}

@book{juanjo,
	author = "Vicente Muñoz and Juan José Madrigal",
	title = "Topología Algebráica",
	publisher = "Sanz y Torres",
	year ="2015",
	keywords = "bib",
}

@book{willard,
	author = "Stephen Willard",
	title = "General Topology",
	publisher = "Addison - Wesley",
	year = "1970",
	keywords = "bib",
}

@book{munkres,
	author = "James R. Munkres",
	title = "Elements of Algebraic Topology",
	publisher = "Addison - Wesley",
	year = "1984",
	keywords = "bib",
}

@booklet{hatcher,
	author = "Alan Hatcher",
	title = "Algebraic Topology",
	howpublished = "\url{http://pi.math.cornell.edu/~hatcher/AT/ATpage.html}",
	year = "2001",
	keywords = "bib",
}
@book{massey,
	author = "William S. Massey",
	title = "Algebraic Topology, an introduction",
	publisher = "Springer - Verlag",
	year = "1970",
	keywords = "bib",
}

@book{seifert,
	author = "H. Seifert and W. Threlfall",
	title = "A Textbook of Topology",
	publisher ="Academic Press", 
	year = "1980",
	keywords = "bib",
}




@article{rado,
	author = "Tibor Radó",
	title = "Über den Begriff der Riemannschen Fläche",
	journal ="Acta Sci. Math. Szeged. 2",
	year = "1925",
}


@article{mobius,
	author = "August F. Möbius",
	title = "Theorie der elementarem verwandtschaft",
	journal = "Berichte über die Verhandlungen der Königlich Sächsischen Gesellschaft der Wissenschaften", 
	year = "1863",
}

@article{jordan1,
	author = "Camille Jordan",
	title= "Sur la déformation des surfaces",
	journal = " J. de Mathématiques Pures et appliquées, 2 e série 11",
	year= "1866",
}

@article{vondick,
	author = "Walther von Dyck",
	title= "Beiträge zur analysis situs",
	journal = "Mathematische Annalen 32",
	year = "1888",
}

@article{dehn,
	author = "Max Dehn and Poul Heegard",
	title= "Analysis situs",
	journal = "Enzyklopädie der Math. Wiss",
	year = "1907",
}

@article{alexander,
	author = "James Alexander",
	title = "Normal forms for one- and two-sided surfaces" ,
	journal = "Ann. Math. 16",
	year = "1915",
}

@article{brahana,
	author = "Henry Brahana",
	title = "Systems of circuits on two-dimensional manifolds",
	journal = "Ann. Math. 23",
	year = "1920",
}
 